@inproceedings{DBLP:conf/srds/ElniketyZP05,
  author    = {Sameh Elnikety and
               Willy Zwaenepoel and
               Fernando Pedone},
  title     = {Database Replication Using Generalized Snapshot Isolation},
  booktitle = {24th {IEEE} Symposium on Reliable Distributed Systems {(SRDS} 2005),26-28
               October 2005, Orlando, FL, {USA}},
  pages     = {73--84},
  year      = {2005},
  crossref  = {DBLP:conf/srds/2005},
  url       = {https://doi.org/10.1109/RELDIS.2005.14},
  doi       = {10.1109/RELDIS.2005.14},
  timestamp = {Fri, 19 May 2017 01:25:58 +0200},
  biburl    = {http://dblp.uni-trier.de/rec/bib/conf/srds/ElniketyZP05},
  bibsource = {dblp computer science bibliography, http://dblp.org}
}
@proceedings{DBLP:conf/srds/2005,
  title     = {24th {IEEE} Symposium on Reliable Distributed Systems {(SRDS} 2005),26-28
               October 2005, Orlando, FL, {USA}},
  publisher = {{IEEE} Computer Society},
  year      = {2005},
  url       = {http://ieeexplore.ieee.org/xpl/mostRecentIssue.jsp?punumber=10345},
  isbn      = {0-7695-2463-X},
  timestamp = {Fri, 09 Jan 2015 14:54:29 +0100},
  biburl    = {http://dblp.uni-trier.de/rec/bib/conf/srds/2005},
  bibsource = {dblp computer science bibliography, http://dblp.org}
}

@misc{smart-view,
howpublished = {\url{https://yahoohelpcommunity.tumblr.com/post/118485031125/}}
}

@inproceedings{Omid2017,
	author = {O. Shacham and F. Perez-Sorrosal and E. Bortnikov and E. Hillel and I. Keidar and I. Kelly and M. Morel and S. Paranjpye},
	title = {Omid, Reloaded: Scalable and Highly-Available Transaction Processing}, 
	booktitle = {15th USENIX Conference on File and Storage Technologies (FAST)},
	year = 2017,
	location = {Santa Clara, CA} 
}


@inproceedings{Kulkarni2014LogicalPC,
  title={Logical Physical Clocks and Consistent Snapshots in Globally Distributed Databases},
  author={Sandeep Kulkarni and Murat Demirbas and Deepak Madeppa and Bharadwaj Avva and Marcelo Leone},
  year={2014}
}

@inproceedings{mediator,
 author = {Bortnikov, Edward and Hillel, Eshcar and Sharov, Artyom},
 title = {Reconciling Transactional and Non-Transactional Operations in Distributed Key-Value Stores},
 booktitle = {Proceedings of International Conference on Systems and Storage},
 series = {SYSTOR 2014},
 year = {2014},
 isbn = {978-1-4503-2920-0},
 location = {Haifa, Israel},
 pages = {10:1--10:10},
 articleno = {10},
 numpages = {10},
 url = {http://doi.acm.org/10.1145/2611354.2611366},
 doi = {10.1145/2611354.2611366},
 acmid = {2611366},
 publisher = {ACM},
 address = {New York, NY, USA},
} 

@inproceedings{F1-2013,
title = {F1: A Distributed SQL Database That Scales},
author  = {Jeff Shute and Radek Vingralek and Bart Samwel and Ben Handy and Chad Whipkey and Eric Rollins and Mircea Oancea and Kyle LittleÔ¨Åeld and David Menestrina and Stephan Ellner and John Cieslewicz and Ian Rae and Traian Stancescu and Himani Apte},
year  = 2013,
booktitle = {VLDB}
}


@misc{cockroach, 
title = {{CockroachDB}},
howpublished = {\url{https://github.com/cockroachdb/cockroach/blob/master/docs/design.md}}
}


@misc{omid-blog, 
title = {{Introducing Omid - Transaction Processing for Apache HBase}},
howpublished = {\url{http://yahoohadoop.tumblr.com/post/129089878751/}}
}


@misc {tephra,
title = {{Tephra: {T}ransactions for {A}pache {HB}ase}},
howpublished = {\url{https://tephra.io}},
}

@misc {hbase,
title = {{Apache HBase}},
howpublished = {\url{http://hbase.apache.org}},
}


@misc {omid,
title = {{Apache Omid}},
howpublished = {\url{https://omid.incubator.apache.org/}},
}

@misc {rocksdb,
title = {{RocksDB}},
howpublished = {\url{http://rocksdb.org/}},
}

@misc{hbase-coproc,
title = {{Apache HBase Coprocessor Introduction}}, 
howpublished = {\url{https://blogs.apache.org/hbase/entry/coprocessor_introduction}}
}

@misc{zookeeper,
title = {Apache Zookeeper},
howpublished = {\url{http://zookeeper.apache.org}}
}

@misc{phoenix,
title = {Apache Phoenix},
howpublished = {\url{https://phoenix.apache.org}}
}

@misc{opentsdb,
title = {OpenTSDB -- the Scalable Time Series Database},
howpublished = {\url{http://opentsdb.net}}
}

%Omid serializable
@inproceedings {YabandehCritique2012,
  author = {Maysam Yabandeh and Daniel Gomez-Ferro},
  title  = {A critique of snapshot isolation},
 booktitle = {Proceedings of the 7th ACM European Conference on Computer Systems},
 series = {EuroSys '12},
  year = {2012},
  pages = {155-168}
}

@article{Lamport:1998:PP:279227.279229,
 author = {Lamport, Leslie},
 title = {The Part-time Parliament},
 journal = {ACM Trans. Comput. Syst.},
 issue_date = {May 1998},
 volume = {16},
 number = {2},
 month = may,
 year = {1998},
 issn = {0734-2071},
 pages = {133--169},

} 


@book{Gray:1992:TPC:573304,
 author = {Gray, Jim and Reuter, Andreas},
 title = {Transaction Processing: Concepts and Techniques},
 year = {1992},
 isbn = {1558601902},
 edition = {1st},
 publisher = {Morgan Kaufmann Publishers Inc.},
 address = {San Francisco, CA, USA},
} 

@book{Bernstein:1987:CCR:12518,
 author = {Bernstein, Philip A. and Hadzilacos, Vassco and Goodman, Nathan},
 title = {Concurrency Control and Recovery in Database Systems},
 year = {1987},
 isbn = {0-201-10715-5},
 publisher = {Addison-Wesley Longman Publishing Co., Inc.},
 address = {Boston, MA, USA},
} 

%FaRM
@inproceedings {Dragojevic2014,
author = {Aleksandar Dragojevi{\'c} and Dushyanth Narayanan and Miguel Castro and Orion Hodson},
title = {FaRM: Fast Remote Memory},
booktitle = {11th USENIX Symposium on Networked Systems Design and Implementation (NSDI 14)},
year = {2014},
month = Apr,
pages = {401--414},
}

@inproceedings{Dragojevic2015,
 author = {Dragojevi\'{c}, Aleksandar and Narayanan, Dushyanth and Nightingale, Edmund B. and Renzelmann, Matthew and Shamis, Alex and Badam, Anirudh and Castro, Miguel},
 title = {No Compromises: Distributed Transactions with Consistency, Availability, and Performance},
 booktitle = {Proceedings of the 25th Symposium on Operating Systems Principles},
 series = {SOSP '15},
 year = {2015},
 pages = {54--70},
} 

@inproceedings{Gray:1994:QGB:191839.191886,
 author = {Gray, Jim and Sundaresan, Prakash and Englert, Susanne and Baclawski, Ken and Weinberger, Peter J.},
 title = {Quickly Generating Billion-record Synthetic Databases},
 booktitle = {Proceedings of the 1994 ACM SIGMOD International Conference on Management of Data},
 series = {SIGMOD '94},
 year = {1994},
 isbn = {0-89791-639-5},
 location = {Minneapolis, Minnesota, USA},
 pages = {243--252},
 numpages = {10},
 url = {http://doi.acm.org/10.1145/191839.191886},
 doi = {10.1145/191839.191886},
 acmid = {191886},
 publisher = {ACM},
 address = {New York, NY, USA},
} 

%DrTM
@inproceedings{Wei2015,
 author = {Wei, Xingda and Shi, Jiaxin and Chen, Yanzhe and Chen, Rong and Chen, Haibo},
 title = {Fast In-memory Transaction Processing Using RDMA and HTM},
 booktitle = {Proceedings of the 25th Symposium on Operating Systems Principles},
 series = {SOSP '15},
 year = {2015},
  pages = {87--104},
 } 



%Yesquel
@inproceedings{Aguilera2015,
 author = {Aguilera, Marcos K. and Leners, Joshua B. and Walfish, Michael},
 title = {Yesquel: Scalable Sql Storage for Web Applications},
 booktitle = {Proceedings of the 25th Symposium on Operating Systems Principles},
 series = {SOSP '15},
 year = {2015},
 pages = {245--262},
} 

%Sinfonia
@article{Aguilera2007,
 author = {Aguilera, Marcos K. and Merchant, Arif and Shah, Mehul and Veitch, Alistair and Karamanolis, Christos},
 title = {Sinfonia: A New Paradigm for Building Scalable Distributed Systems},
 journal = {SIGOPS Oper. Syst. Rev.},
 issue_date = {December 2007},
 volume = {41},
 number = {6},
 month = oct,
 year = {2007},
 issn = {0163-5980},
 pages = {159--174},
} 

%Granola
@inproceedings{Cowling2012,
 author = {Cowling, James and Liskov, Barbara},
 title = {Granola: Low-overhead Distributed Transaction Coordination},
 booktitle = {Proceedings of the 2012 USENIX Conference on Annual Technical Conference},
 series = {USENIX ATC'12},
 year = {2012},
 pages = {21--21},
 } 

%Tango
@inproceedings{Balakrishnan2013,
 author = {Balakrishnan, Mahesh and Malkhi, Dahlia and Wobber, Ted and Wu, Ming and Prabhakaran, Vijayan and Wei, Michael and Davis, John D. and Rao, Sriram and Zou, Tao and Zuck, Aviad},
 title = {Tango: Distributed Data Structures over a Shared Log},
 booktitle = {Proceedings of the Twenty-Fourth ACM Symposium on Operating Systems Principles},
 series = {SOSP '13},
 year = {2013},
  pages = {325--340},
} 

%Percolator
@inproceedings{Percolator2010,
title = {Large-scale Incremental Processing Using Distributed Transactions and Notifications},
author  = {Daniel Peng and Frank Dabek},
year  = 2010,
booktitle = {9th USENIX Symposium on Operating Systems Design and Implementation (OSDI 10)}
}

%Calvin
@inproceedings{Thomson2012,
 author = {Thomson, Alexander and Diamond, Thaddeus and Weng, Shu-Chun and Ren, Kun and Shao, Philip and Abadi, Daniel J.},
 title = {Calvin: Fast Distributed Transactions for Partitioned Database Systems},
 booktitle = {Proceedings of the 2012 ACM SIGMOD International Conference on Management of Data},
 series = {SIGMOD '12},
 year = {2012},
 pages = {1--12},
 }
 
%Spanner
@inproceedings {Spanner2012,
author = {James C. Corbett and Jeffrey Dean and Michael Epstein and Andrew Fikes and Christopher Frost and JJ Furman and Sanjay Ghemawat and Andrey Gubarev and Christopher Heiser and Peter Hochschild and Wilson Hsieh and Sebastian Kanthak and Eugene Kogan and Hongyi Li and Alexander Lloyd and Sergey Melnik and David Mwaura and David Nagle and Sean Quinlan and Rajesh Rao and Lindsay Rolig and Yasushi Saito and Michal Szymaniak and Christopher Taylor and Ruth Wang and Dale Woodford},
title = {Spanner: Google{\textquoteright}s Globally-Distributed Database},
booktitle = {10th USENIX Symposium on Operating Systems Design and Implementation (OSDI 12)},
year = {2012},
pages = {261--264},
}

%Megastore
@inproceedings{Megastore,
title = {Megastore: Providing Scalable, Highly Available Storage for Interactive Services},
author  = {Jason Baker and Chris Bond and James C. Corbett and JJ Furman and Andrey Khorlin and James Larson and Jean-Michel Leon and Yawei Li and Alexander Lloyd and Vadim Yushprakh},
year  = 2011,
booktitle = {Proceedings of the Conference on Innovative Data system Research (CIDR)},
pages = {223--234}
}

@conference{PattersonENAA12,
	title = {Serializability, not Serial: Concurrency Control and Availability in Multi-Datacenter Datastores},
	booktitle = {PVLDB},
	volume = {5},
	number = {11},
	year = {2012},
	pages = {1459-1470},
	author = {Stacy Patterson and Aaron J. Elmore and Faisal Nawab and Divyakant Agrawal and Amr El Abbadi}
}

%Warp
@article{Warp,
  author    = {Robert Escriva and
               Bernard Wong and
               Emin G{\"{u}}n Sirer},
  title     = {Warp: Lightweight Multi-Key Transactions for Key-Value Stores},
  journal   = {CoRR},
  volume    = {abs/1509.07815},
  year      = {2015},
}

%MDCC
@article{MDCC,
  author    = {Tim Kraska and
               Gene Pang and
               Michael J. Franklin and
               Samuel Madden},
  title     = {{MDCC:} Multi-Data Center Consistency},
  journal   = {CoRR},
  volume    = {abs/1203.6049},
  year      = {2012},
}

%Bigtable
@article{Chang2008,
 author = {Chang, Fay and Dean, Jeffrey and Ghemawat, Sanjay and Hsieh, Wilson C. and Wallach, Deborah A. and Burrows, Mike and Chandra, Tushar and Fikes, Andrew and Gruber, Robert E.},
 title = {Bigtable: A Distributed Storage System for Structured Data},
 journal = {ACM Trans. Comput. Syst.},
 volume = {26},
 number = {2},
 month = jun,
 year = {2008},
 issn = {0734-2071},
 pages = {4:1--4:26},
} 

%HyperDex
@inproceedings{Escriva2012,
 author = {Escriva, Robert and Wong, Bernard and Sirer, Emin G\"{u}n},
 title = {HyperDex: A Distributed, Searchable Key-value Store},
 booktitle = {Proceedings of the ACM SIGCOMM 2012 Conference on Applications, Technologies, Architectures, and Protocols for Computer Communication},
 series = {SIGCOMM '12},
 year = {2012},
 pages = {25--36},
 numpages = {12},
} 


%Omid I
@inproceedings{OmidICDE2014,
  author    = {Daniel G{\'{o}}mez Ferro and
               Flavio Junqueira and
               Ivan Kelly and
               Benjamin Reed and
               Maysam Yabandeh},
  title     = {Omid: Lock-free transactional support for distributed data stores},
  booktitle = {{IEEE} 30th International Conference on Data Engineering, Chicago,
               {ICDE} 2014, IL, USA, March 31 - April 4, 2014},
  pages     = {676--687},
  year      = {2014},
  url       = {http://dx.doi.org/10.1109/ICDE.2014.6816691},
  doi       = {10.1109/ICDE.2014.6816691},
  timestamp = {Sat, 09 Aug 2014 14:37:15 +0200},
  biburl    = {http://dblp.uni-trier.de/rec/bib/conf/icde/FerroJKRY14},
  bibsource = {dblp computer science bibliography, http://dblp.org}
}

%ACID-RAIN
@inproceedings{eyal2013ordering,
	Author = {Ittay Eyal and Ken Birman and Idit Keidar and Robbert van-Renesse},
	Booktitle = {LADIS},
	Title = {Ordering Transactions with Prediction in Distributed Object Stores},
	Year = 2013}

%Hyder
@Inproceedings {Hyder,
author       = {Philip A. Bernstein and Colin W. Reid and Sudipto Das},
booktitle    = {CIDR},
month        = {January},
pages        = {9-20},
title        = {Hyder - A Transactional Record Manager for Shared Flash},
url          = {http://research.microsoft.com/apps/pubs/default.aspx?id=183772},
year         = {2011},
}

%Sprint
@INPROCEEDINGS{Camargos07sprint,
    author = {L√°saro Camargos},
    title = {Sprint: a middleware for high-performance transaction processing},
    booktitle = {In EuroSys ‚Äô07: Proceedings of the ACM SIGOPS/EuroSys Eu Conference on Computer Systems 2007},
    year = {2007},
    pages = {385--398},
    publisher = {ACM}
}

@article{ChandraToueg96,
  author    = {Tushar Deepak Chandra and
               Sam Toueg},
  title     = {Unreliable Failure Detectors for Reliable Distributed Systems},
  journal   = {J. {ACM}},
  volume    = {43},
  number    = {2},
  pages     = {225--267},
  year      = {1996},
  url       = {http://doi.acm.org/10.1145/226643.226647},
  doi       = {10.1145/226643.226647},
  timestamp = {Thu, 26 Jan 2012 17:31:32 +0100},
  biburl    = {http://dblp.uni-trier.de/rec/bib/journals/jacm/ChandraT96},
  bibsource = {dblp computer science bibliography, http://dblp.org}
}


@inproceedings{DBLP:conf/sigmod/GrayHOS96,
  author    = {Jim Gray and
               Pat Helland and
               Patrick E. O'Neil and
               Dennis Shasha},
  title     = {The Dangers of Replication and a Solution},
  booktitle = {Proceedings of the 1996 {ACM} {SIGMOD} International Conference on
               Management of Data, Montreal, Quebec, Canada, June 4-6, 1996.},
  pages     = {173--182},
  year      = {1996},
  url       = {http://doi.acm.org/10.1145/233269.233330},
  doi       = {10.1145/233269.233330},
  timestamp = {Mon, 09 Dec 2013 17:20:14 +0100},
  biburl    = {http://dblp.uni-trier.de/rec/bib/conf/sigmod/GrayHOS96},
  bibsource = {dblp computer science bibliography, http://dblp.org}
}

@phdthesis{SEDAPhDThesis,
  author       = {Matt Welsh}, 
  title        = {An Architecture for Highly Concurrent, Well-Conditioned Internet Services},
  school       = {University of California, Berkeley},
  year         = 2002
}

@article{BalakrishnanMDPWW13,
  author    = {Mahesh Balakrishnan and
               Dahlia Malkhi and
               John D. Davis and
               Vijayan Prabhakaran and
               Michael Wei and
               Ted Wobber},
  title     = {{CORFU:} {A} distributed shared log},
  journal   = {{ACM} Trans. Comput. Syst.},
  volume    = {31},
  number    = {4},
  pages     = {10},
  year      = {2013},
  doi       = {10.1145/2535930}
}

@article {FeketeTODS2005,

	author = {A. Fekete and D. Liarokapis and E. O'Neil and P. O' Neil and D. Shasha},
  title = {Making snapshot isolation serializable},
  journal = {ACM TODS},
  year = 2005,
  pages = {492--528},
  volume = 30,
  issue = 2  
}

@inproceedings {Cahill2008,
  author = {M. J. Cahill and U. Rohm and A. Fekete},
  title = {Serializable isolation for snapshot databases},
  booktitle = {SIGMOD},
  year = 2008,
  pages = {729--738}
}
  
@inproceedings{Cooper:2010:BCS:1807128.1807152,
 author = {Cooper, Brian F. and Silberstein, Adam and Tam, Erwin and Ramakrishnan, Raghu and Sears, Russell},
 title = {Benchmarking Cloud Serving Systems with YCSB},
 booktitle = {Proceedings of the 1st ACM Symposium on Cloud Computing},
 series = {SoCC '10},
 year = {2010},
 isbn = {978-1-4503-0036-0},
 location = {Indianapolis, Indiana, USA},
 pages = {143--154},
 numpages = {12},
 url = {http://doi.acm.org/10.1145/1807128.1807152},
 doi = {10.1145/1807128.1807152},
 acmid = {1807152},
 publisher = {ACM},
 address = {New York, NY, USA},
 keywords = {benchmarking, cloud serving database},
} 

%MDCC
@inproceedings{Kraska2013,
 author = {Kraska, Tim and Pang, Gene and Franklin, Michael J. and Madden, Samuel and Fekete, Alan},
 title = {MDCC: Multi-data Center Consistency},
 booktitle = {Proceedings of the 8th ACM European Conference on Computer Systems},
 series = {EuroSys '13},
 year = {2013},
 pages = {113--126},
} 

%Omid serializable
@inproceedings {YabandehCritique2012,
  author = {Maysam Yabandeh and Daniel Gomez-Ferro},
  title  = {A critique of snapshot isolation},
 booktitle = {Proceedings of the 7th ACM European Conference on Computer Systems},
 series = {EuroSys '12},
  year = {2012},
  pages = {155-168}
}

@article{Lamport:1998:PP:279227.279229,
 author = {Lamport, Leslie},
 title = {The Part-time Parliament},
 journal = {ACM Trans. Comput. Syst.},
 issue_date = {May 1998},
 volume = {16},
 number = {2},
 month = may,
 year = {1998},
 issn = {0734-2071},
 pages = {133--169},

} 


@book{Bernstein:1987:CCR:12518,
 author = {Bernstein, Philip A. and Hadzilacos, Vassco and Goodman, Nathan},
 title = {Concurrency Control and Recovery in Database Systems},
 year = {1987},
 isbn = {0-201-10715-5},
 publisher = {Addison-Wesley Longman Publishing Co., Inc.},
 address = {Boston, MA, USA},
} 

%FaRM
@inproceedings {Dragojevic2014,
author = {Aleksandar Dragojevi{\'c} and Dushyanth Narayanan and Miguel Castro and Orion Hodson},
title = {FaRM: Fast Remote Memory},
booktitle = {11th USENIX Symposium on Networked Systems Design and Implementation (NSDI 14)},
year = {2014},
month = Apr,
pages = {401--414},
}

@inproceedings{Dragojevic2015,
 author = {Dragojevi\'{c}, Aleksandar and Narayanan, Dushyanth and Nightingale, Edmund B. and Renzelmann, Matthew and Shamis, Alex and Badam, Anirudh and Castro, Miguel},
 title = {No Compromises: Distributed Transactions with Consistency, Availability, and Performance},
 booktitle = {Proceedings of the 25th Symposium on Operating Systems Principles},
 series = {SOSP '15},
 year = {2015},
 pages = {54--70},
} 

%DrTM
@inproceedings{Wei2015,
 author = {Wei, Xingda and Shi, Jiaxin and Chen, Yanzhe and Chen, Rong and Chen, Haibo},
 title = {Fast In-memory Transaction Processing Using RDMA and HTM},
 booktitle = {Proceedings of the 25th Symposium on Operating Systems Principles},
 series = {SOSP '15},
 year = {2015},
  pages = {87--104},
 } 



%Yesquel
@inproceedings{Aguilera2015,
 author = {Aguilera, Marcos K. and Leners, Joshua B. and Walfish, Michael},
 title = {Yesquel: Scalable Sql Storage for Web Applications},
 booktitle = {Proceedings of the 25th Symposium on Operating Systems Principles},
 series = {SOSP '15},
 year = {2015},
 pages = {245--262},
} 

%Sinfonia
@article{Aguilera2007,
 author = {Aguilera, Marcos K. and Merchant, Arif and Shah, Mehul and Veitch, Alistair and Karamanolis, Christos},
 title = {Sinfonia: A New Paradigm for Building Scalable Distributed Systems},
 journal = {SIGOPS Oper. Syst. Rev.},
 issue_date = {December 2007},
 volume = {41},
 number = {6},
 month = oct,
 year = {2007},
 issn = {0163-5980},
 pages = {159--174},
} 

%Granola
@inproceedings{Cowling2012,
 author = {Cowling, James and Liskov, Barbara},
 title = {Granola: Low-overhead Distributed Transaction Coordination},
 booktitle = {Proceedings of the 2012 USENIX Conference on Annual Technical Conference},
 series = {USENIX ATC'12},
 year = {2012},
 pages = {21--21},
 } 

%Tango
@inproceedings{BalakrishnanTransactionProcessing,
 author = {Balakrishnan, Mahesh and Malkhi, Dahlia and Wobber, Ted and Wu, Ming and Prabhakaran, Vijayan and Wei, Michael and Davis, John D. and Rao, Sriram and Zou, Tao and Zuck, Aviad},
 title = {Tango: Distributed Data Structures over a Shared Log},
 booktitle = {Proceedings of the Twenty-Fourth ACM Symposium on Operating Systems Principles},
 series = {SOSP '13},
 year = {2013},
  pages = {325--340},
} 

%Calvin
@inproceedings{Thomson2012,
 author = {Thomson, Alexander and Diamond, Thaddeus and Weng, Shu-Chun and Ren, Kun and Shao, Philip and Abadi, Daniel J.},
 title = {Calvin: Fast Distributed Transactions for Partitioned Database Systems},
 booktitle = {Proceedings of the 2012 ACM SIGMOD International Conference on Management of Data},
 series = {SIGMOD '12},
 year = {2012},
 pages = {1--12},
 }


%Megastore
@inproceedings{Megastore,
title = {Megastore: Providing Scalable, Highly Available Storage for Interactive Services},
author  = {Jason Baker and Chris Bond and James C. Corbett and JJ Furman and Andrey Khorlin and James Larson and Jean-Michel Leon and Yawei Li and Alexander Lloyd and Vadim Yushprakh},
year  = 2011,
booktitle = {Proceedings of the Conference on Innovative Data system Research (CIDR)},
pages = {223--234}
}

@conference{PattersonENAA12,
	title = {Serializability, not Serial: Concurrency Control and Availability in Multi-Datacenter Datastores},
	booktitle = {PVLDB},
	volume = {5},
	number = {11},
	year = {2012},
	pages = {1459-1470},
	author = {Stacy Patterson and Aaron J. Elmore and Faisal Nawab and Divyakant Agrawal and Amr El Abbadi}
}

%Warp
@article{Warp,
  author    = {Robert Escriva and
               Bernard Wong and
               Emin G{\"{u}}n Sirer},
  title     = {Warp: Lightweight Multi-Key Transactions for Key-Value Stores},
  journal   = {CoRR},
  volume    = {abs/1509.07815},
  year      = {2015},
}

%MDCC
@article{MDCC,
  author    = {Tim Kraska and
               Gene Pang and
               Michael J. Franklin and
               Samuel Madden},
  title     = {{MDCC:} Multi-Data Center Consistency},
  journal   = {CoRR},
  volume    = {abs/1203.6049},
  year      = {2012},
}

%Bigtable
@article{Chang2008,
 author = {Chang, Fay and Dean, Jeffrey and Ghemawat, Sanjay and Hsieh, Wilson C. and Wallach, Deborah A. and Burrows, Mike and Chandra, Tushar and Fikes, Andrew and Gruber, Robert E.},
 title = {Bigtable: A Distributed Storage System for Structured Data},
 journal = {ACM Trans. Comput. Syst.},
 volume = {26},
 number = {2},
 month = jun,
 year = {2008},
 issn = {0734-2071},
 pages = {4:1--4:26},
} 

%HyperDex
@inproceedings{Escriva2012,
 author = {Escriva, Robert and Wong, Bernard and Sirer, Emin G\"{u}n},
 title = {HyperDex: A Distributed, Searchable Key-value Store},
 booktitle = {Proceedings of the ACM SIGCOMM 2012 Conference on Applications, Technologies, Architectures, and Protocols for Computer Communication},
 series = {SIGCOMM '12},
 year = {2012},
 pages = {25--36},
 numpages = {12},
} 

%ACID-RAIN
@inproceedings{eyal2013ordering,
	Author = {Ittay Eyal and Ken Birman and Idit Keidar and Robbert van-Renesse},
	Booktitle = {LADIS},
	Title = {Ordering Transactions with Prediction in Distributed Object Stores},
	Year = 2013}

%Hyder
@Inproceedings {Hyder,
author       = {Philip A. Bernstein and Colin W. Reid and Sudipto Das},
booktitle    = {CIDR},
month        = {January},
pages        = {9-20},
title        = {Hyder - A Transactional Record Manager for Shared Flash},
url          = {http://research.microsoft.com/apps/pubs/default.aspx?id=183772},
year         = {2011},
}

%Sprint
@INPROCEEDINGS{Camargos07sprint,
    author = {L√°saro Camargos},
    title = {Sprint: a middleware for high-performance transaction processing},
    booktitle = {In EuroSys ‚Äô07: Proceedings of the ACM SIGOPS/EuroSys Eu Conference on Computer Systems 2007},
    year = {2007},
    pages = {385--398},
    publisher = {ACM}
}

@inproceedings{DBLP:conf/sigmod/BerensonBGMOO95,
  author    = {Hal Berenson and
               Philip A. Bernstein and
               Jim Gray and
               Jim Melton and
               Elizabeth J. O'Neil and
               Patrick E. O'Neil},
  title     = {A Critique of {ANSI} {SQL} Isolation Levels},
  booktitle = {Proceedings of the 1995 {ACM} {SIGMOD} International Conference on
               Management of Data, San Jose, California, May 22-25, 1995.},
  pages     = {1--10},
  year      = {1995},
  crossref  = {DBLP:conf/sigmod/95},
  url       = {http://doi.acm.org/10.1145/223784.223785},
  doi       = {10.1145/223784.223785},
  timestamp = {Mon, 09 Dec 2013 17:20:14 +0100},
  biburl    = {http://dblp.uni-trier.de/rec/bib/conf/sigmod/BerensonBGMOO95},
  bibsource = {dblp computer science bibliography, http://dblp.org}
}


@article{ChandraToueg96,
  author    = {Tushar Deepak Chandra and
               Sam Toueg},
  title     = {Unreliable Failure Detectors for Reliable Distributed Systems},
  journal   = {J. {ACM}},
  volume    = {43},
  number    = {2},
  pages     = {225--267},
  year      = {1996},
  url       = {http://doi.acm.org/10.1145/226643.226647},
  doi       = {10.1145/226643.226647},
  timestamp = {Thu, 26 Jan 2012 17:31:32 +0100},
  biburl    = {http://dblp.uni-trier.de/rec/bib/journals/jacm/ChandraT96},
  bibsource = {dblp computer science bibliography, http://dblp.org}
}


@inproceedings{DBLP:conf/sigmod/GrayHOS96,
  author    = {Jim Gray and
               Pat Helland and
               Patrick E. O'Neil and
               Dennis Shasha},
  title     = {The Dangers of Replication and a Solution},
  booktitle = {Proceedings of the 1996 {ACM} {SIGMOD} International Conference on
               Management of Data, Montreal, Quebec, Canada, June 4-6, 1996.},
  pages     = {173--182},
  year      = {1996},
  url       = {http://doi.acm.org/10.1145/233269.233330},
  doi       = {10.1145/233269.233330},
  timestamp = {Mon, 09 Dec 2013 17:20:14 +0100},
  biburl    = {http://dblp.uni-trier.de/rec/bib/conf/sigmod/GrayHOS96},
  bibsource = {dblp computer science bibliography, http://dblp.org}
}

@phdthesis{SEDAPhDThesis,
  author       = {Matt Welsh}, 
  title        = {An Architecture for Highly Concurrent, Well-Conditioned Internet Services},
  school       = {University of California, Berkeley},
  year         = 2002
}

@article{BalakrishnanMDPWW13,
  author    = {Mahesh Balakrishnan and
               Dahlia Malkhi and
               John D. Davis and
               Vijayan Prabhakaran and
               Michael Wei and
               Ted Wobber},
  title     = {{CORFU:} {A} distributed shared log},
  journal   = {{ACM} Trans. Comput. Syst.},
  volume    = {31},
  number    = {4},
  pages     = {10},
  year      = {2013},
  doi       = {10.1145/2535930}
}

@article {FeketeTODS2005,

  author = {A. Fekete and D. Liarokapis and E. O'Neil and P. O' Neil and D. Shasha},
  title = {Making snapshot isolation serializable},
  journal = {ACM TODS},
  year = 2005,
  pages = {492--528},
  volume = 30,
  issue = 2  
}

@inproceedings {Cahill2008,
  author = {M. J. Cahill and U. Rohm and A. Fekete},
  title = {Serializable isolation for snapshot databases},
  booktitle = {SIGMOD},
  year = 2008,
  pages = {729--738}
}
  
@inproceedings{Borthakur:2011,
 author = {Borthakur, Dhruba and Gray, Jonathan and Sarma, Joydeep Sen and Muthukkaruppan, Kannan and Spiegelberg, Nicolas and Kuang, Hairong and Ranganathan, Karthik and Molkov, Dmytro and Menon, Aravind and Rash, Samuel and Schmidt, Rodrigo and Aiyer, Amitanand},
 title = {Apache Hadoop Goes Realtime at Facebook},
 booktitle = {Proceedings of the 2011 ACM SIGMOD International Conference on Management of Data},
 series = {SIGMOD '11},
 year = {2011},
 isbn = {978-1-4503-0661-4},
 location = {Athens, Greece},
 pages = {1071--1080},
 numpages = {10},
 url = {http://doi.acm.org/10.1145/1989323.1989438},
 doi = {10.1145/1989323.1989438},
 acmid = {1989438},
 publisher = {ACM},
 address = {New York, NY, USA},
 keywords = {HBase, data, distributed systems, hadoop, hive, scalability, scribe},
} 
